@article{hubel_wiesel_1968, title={Receptive fields and functional architecture of monkey striate cortex},
volume={195},
url={https://physoc.onlinelibrary.wiley.com/doi/abs/10.1113/jphysiol.1968.sp008455},
DOI={10.1113/jphysiol.1968.sp008455},
number={1},
journal={The Journal of Physiology},
author={Hubel, D. H. and Wiesel, T. N.},
year={1968},
month={Mar},
pages={215–243} }

‌@article{fukushima_1980, title={Neocognitron: A self-organizing neural network model for a mechanism of pattern recognition unaffected by shift in position},
volume={36},
url={https://link.springer.com/article/10.1007%2FBF00344251},
DOI={10.1007/bf00344251},
number={4},
journal={Biological Cybernetics},
author={Fukushima, Kunihiko},
year={1980},
month={Apr},
pages={193–202} }

@article{LeCunn, title={Backpropagation applied to handwritten zip code recognition},
volume={1},
url={https://nyuscholars.nyu.edu/en/publications/backpropagation-applied-to-handwritten-zip-code-recognition},
number={4},
journal={Neural Computation},
publisher={MIT Press Journals},
author={Yann Lecun and B. Boser and Denker, J S and D. Henderson and Howard, R E and W. Hubbard and L.D. Jackel},
year={2021},
pages={541–551} }

‌
‌@article{uijlings_van, title={Selective Search for Object Recognition},
volume={104},
url={https://link.springer.com/article/10.1007/s11263-013-0620-5},
DOI={10.1007/s11263-013-0620-5},
number={2},
journal={International Journal of Computer Vision},
author={Uijlings, J. R. R. and van de Sande, K. E. A. and Gevers, T. and Smeulders, A. W. M.},
year={2013},
month={Apr},
pages={154–171} }

@misc{girshick_2015, 
title={Fast R-CNN},
 url={https://arxiv.org/abs/1504.08083},
 journal={arXiv.org},
 author={Girshick, Ross},
 year={2015} }

 @misc{ren_he_girshick_sun_2015, title={Faster R-CNN: Towards Real-Time Object Detection with Region Proposal Networks},
url={https://arxiv.org/abs/1506.01497},
journal={arXiv.org},
author={Ren, Shaoqing and He, Kaiming and Girshick, Ross and Sun, Jian},
year={2015} }

‌
@misc{he_gkioxari_dollár_girshick_2017, title={Mask R-CNN},
url={https://arxiv.org/abs/1703.06870},
journal={arXiv.org},
author={He, Kaiming and Gkioxari, Georgia and Dollár, Piotr and Girshick, Ross},
year={2017} }

@misc{gkioxari_malik_johnson_2019, title={Mesh R-CNN},
url={https://arxiv.org/abs/1906.02739},
journal={arXiv.org},
author={Gkioxari, Georgia and Malik, Jitendra and Johnson, Justin},
year={2019} }

‌@misc{carion_massa_synnaeve_usunier_kirillov_zagoruyko_2020, title={End-to-End Object Detection with Transformers},
url={https://arxiv.org/abs/2005.12872},
journal={arXiv.org},
author={Carion, Nicolas and Massa, Francisco and Synnaeve, Gabriel and Usunier, Nicolas and Kirillov, Alexander and Zagoruyko, Sergey},
year={2020} }

‌

‌
‌
‌